<?xml version="1.0" encoding="UTF-8"?><record xmlns="http://www.loc.gov/MARC21/slim" xmlns:cinclude="http://apache.org/cocoon/include/1.0" xmlns:zs="http://www.loc.gov/zing/srw/">
  <leader>00449nz  a2200133n  4500</leader>
  <controlfield tag="001">no2008178385</controlfield>
  <controlfield tag="003">DLC</controlfield>
  <controlfield tag="005">20081204082648.0</controlfield>
  <controlfield tag="008">081202n| acannaabn          |n ana     c</controlfield>
  <datafield tag="010" ind1=" " ind2=" ">
    <subfield code="a">no2008178385</subfield>
  </datafield>
  <datafield tag="035" ind1=" " ind2=" ">
    <subfield code="a">(OCoLC)oca07953595</subfield>
  </datafield>
  <datafield tag="040" ind1=" " ind2=" ">
    <subfield code="a">IEN</subfield>
    <subfield code="b">eng</subfield>
    <subfield code="c">IEN</subfield>
  </datafield>
  <datafield tag="110" ind1="2" ind2=" ">
    <subfield code="a">Automobile Manufacturers Association.</subfield>
    <subfield code="b">Motor Truck Division</subfield>
  </datafield>
  <datafield tag="670" ind1=" " ind2=" ">
    <subfield code="a">Motor trucks and national defense, 1951:</subfield>
    <subfield code="b">cover p. 2 (Motor Truck Division, Automobile Manufacturers Association)</subfield>
  </datafield>
</record>